% Encoding: UTF-8

@TechReport{hp,
  author      = {Natalia Vassilieva},
  title       = {Sense Making in an IOT World: Sensor Data Analysis with Deep Learning},
  institution = {HP Labs},
  year        = {2016},
  url         = {http://on-demand.gputechconf.com/gtc/2016/presentation/s6773-natalia-vassilieva-sensor-data-analysis.pdf},
}

@Comment{jabref-meta: databaseType:bibtex;}
