% Encoding: UTF-8

@Misc{OneM2M,
  title        = {IoT Interoperability},
  howpublished = {Whitepaper},
  month        = Jan,
  year         = {2015},
  keywords     = {OneM2M},
  url          = {http://www.onem2m.org/images/files/oneM2M-whitepaper-January-2015.pdf},
}

@Misc{Internet_Society,
  title        = {IoT: An Overview},
  howpublished = {Whitepaper},
  month        = Oct,
  year         = {2015},
  keywords     = {Internet Society},
  url          = {https://www.internetsociety.org/resources/doc/2015/iot-overview},
}

@Misc{Gartner,
  title        = {Garner Press Release},
  howpublished = {Web page},
  month        = Feb,
  year         = {2017},
  keywords     = {Gartner Press Release},
  url          = {http://www.gartner.com/newsroom/id/3598917},
}

@Book{Wiley_Book,
  title     = {Designing the Internet of Things},
  publisher = {Wiley},
  year      = {2014},
  author    = {Adrian McEwen, Hakim Cassimally},
  isbn      = {978-1-118-43062-0},
  keywords  = {Designing the Internet of Things},
}

@Misc{wiki_iot,
  title        = {Internet of things},
  howpublished = {Web page},
  month        = sep,
  year         = {2017},
  keywords     = {Wikipedia Internet of things},
  url          = {https://en.wikipedia.org/wiki/Internet_of_things},
}

@Misc{wiki_bigdata,
  title        = {Big Data},
  howpublished = {Web page},
  month        = sep,
  year         = {2017},
  keywords     = {Wikipedia Big Data},
  url          = {https://en.wikipedia.org/wiki/Big_data},
}

@Comment{jabref-meta: databaseType:bibtex;}
